@online{cs231n,
  author = {L. Fei-Fei and A. Karpathy and J. Johnson},
  title = {CS231n: Convolutional Neural Networks for Visual Recognition},
  url = {http://cs231n.stanford.edu/index.html},
  urldate = {2016-11-28}
}

@unpublished{Goodfellow-et-al-2016-Book,
    title={Deep Learning},
    author={I. Goodfellow and Y. Bengio and A. Courville},
    note={Book in preparation for MIT Press},
    url={http://www.deeplearningbook.org},
    year={2016}
}

@online{WILDML,
  author = {D. Britz},
  title = {WILDML},
  url = {http://www.wildml.com/},
  urldate = {2016-11-28}
}